<record><leader>00000cas a22000007a 4500</leader><controlfield tag="001">12012045</controlfield><controlfield tag="008">850508d18941909mtuwr ne      0    0eng d</controlfield><datafield ind1=" " ind2=" " tag="010"><subfield code="a">sn 85053119 </subfield></datafield><datafield ind1=" " ind2=" " tag="040"><subfield code="a">MTL</subfield><subfield code="b">eng</subfield><subfield code="c">MTL</subfield><subfield code="d">OCLCQ</subfield></datafield><datafield ind1=" " ind2=" " tag="042"><subfield code="a">msc</subfield></datafield><datafield ind1="0" ind2="4" tag="245"><subfield code="a">The Forsyth times.</subfield></datafield><datafield ind1=" " ind2=" " tag="260"><subfield code="a">Forsyth, Mont. :</subfield><subfield code="b">Forsyth Times Pub. Co.,</subfield><subfield code="c">-1909.</subfield></datafield><datafield ind1=" " ind2=" " tag="300"><subfield code="a">16 v. :</subfield><subfield code="b">ill.</subfield></datafield><datafield ind1=" " ind2=" " tag="310"><subfield code="a">Weekly</subfield></datafield><datafield ind1="0" ind2=" " tag="362"><subfield code="a">-v. 16, no. 3 (Oct. 14, 1909).</subfield></datafield><datafield ind1="1" ind2=" " tag="362"><subfield code="a">Began Sept. 29, 1894.</subfield><subfield code="z">Cf. Gregory, W. Amer. newspapers.</subfield></datafield><datafield ind1=" " ind2=" " tag="588"><subfield code="a">Description based on: Vol. 1, no. 2 (Oct. 6, 1894).</subfield></datafield><datafield ind1=" " ind2=" " tag="752"><subfield code="a">United States</subfield><subfield code="b">Montana</subfield><subfield code="c">Rosebud</subfield><subfield code="d">Forsyth.</subfield></datafield><datafield ind1="0" ind2="5" tag="780"><subfield code="t">Rosebud County news</subfield><subfield code="g">Mar. 22, 1906</subfield><subfield code="w">(DLC)sn 85053117</subfield></datafield><datafield ind1="0" ind2="7" tag="785"><subfield code="t">Forsyth journal</subfield><subfield code="w">(DLC)sn 85053118</subfield></datafield><datafield ind1="0" ind2="7" tag="785"><subfield code="t">Forsyth times-journal</subfield><subfield code="w">(DLC)sn 83025304</subfield></datafield></record>